@book{kimball2011data,
  title={The data warehouse toolkit: the complete guide to dimensional modeling},
  author={Kimball, Ralph and Ross, Margy},
  year={2011},
  publisher={John Wiley \& Sons}
}
@book{Inmon1992,
 author = {Inmon, W. H.},
 title = {Building the Data Warehouse},
 year = {1992},
 isbn = {0-89435-404-3},
 publisher = {QED Information Sciences, Inc.},
 address = {Wellesley, MA, USA},
}
@book{Elmasri1999,
 author = {Elmasri, Ramez A. and Navathe, Shankrant B.},
 title = {Fundamentals of Database Systems},
 year = {1999},
 isbn = {0805317554},
 edition = {3rd},
 publisher = {Addison-Wesley Longman Publishing Co., Inc.},
 address = {Boston, MA, USA},
}
@MastersThesis{Takecian2014,
    author     =     {Pedro Losco Takecian},
    title     =     {{Diretrizes metodol{\'o}gicas e valida{\c c}{\~a}o estat{\'i}stica de dados para a constru{\c c}{\~a}o de data warehouses}},
    school     =     {Universidade de S{\~a}o Paulo},
    year     =     {2014},
}

@book{golfarelli2009open,
  title={Open source BI platforms: a functional and architectural comparison},
  author={Golfarelli, Matteo},
  year={2009},
  publisher={Springer}
}

@inproceedings{gioia2008spagobi,
  title={SpagoBI: A distinctive approach in open source business intelligence},
  author={Gioia, Andrea and Cazzin, Grazia and Damiani, Ernesto},
  booktitle={Digital Ecosystems and Technologies, 2008. DEST 2008. 2nd IEEE International Conference on},
  pages={592--595},
  year={2008},
  organization={IEEE}
}

@incollection{thomsen2005survey,
  title={A survey of open source tools for business intelligence},
  author={Thomsen, Christian and Pedersen, Torben Bach},
  booktitle={Data Warehousing and Knowledge Discovery},
  pages={74--84},
  year={2005},
  publisher={Springer}
}

@inproceedings{bimonte2007spatial,
  title={Spatial OLAP: Open issues and a web based prototype},
  author={Bimonte, Sandro and Tchounikine, Anne and Miquel, Maryvonne},
  booktitle={10th AGILE International Conference on Geographic Information Science},
  pages={11},
  year={2007},
  organization={Citeseer}
}
@article{Lamb2012,
 author = {Lamb, Andrew and Fuller, Matt and Varadarajan, Ramakrishna and Tran, Nga and Vandiver, Ben and Doshi, Lyric and Bear, Chuck},
 title = {The Vertica Analytic Database: C-store 7 Years Later},
 journal = {Proc. VLDB Endow.},
 issue_date = {August 2012},
 volume = {5},
 number = {12},
 month = aug,
 year = {2012},
 issn = {2150-8097},
 pages = {1790--1801},
 numpages = {12},
 url = {http://dx.doi.org/10.14778/2367502.2367518},
 doi = {10.14778/2367502.2367518},
 acmid = {2367518},
 publisher = {VLDB Endowment},
}

@inproceedings{Stonebraker2005,
 author = {Stonebraker, Mike and Abadi, Daniel J. and Batkin, Adam and Chen, Xuedong and Cherniack, Mitch and Ferreira, Miguel and Lau, Edmond and Lin, Amerson and Madden, Sam and O'Neil, Elizabeth and O'Neil, Pat and Rasin, Alex and Tran, Nga and Zdonik, Stan},
 title = {C-store: A Column-oriented DBMS},
 booktitle = {Proceedings of the 31st International Conference on Very Large Data Bases},
 series = {VLDB '05},
 year = {2005},
 isbn = {1-59593-154-6},
 location = {Trondheim, Norway},
 pages = {553--564},
 numpages = {12},
 url = {http://dl.acm.org/citation.cfm?id=1083592.1083658},
 acmid = {1083658},
 publisher = {VLDB Endowment},
}

@inproceedings{Bear2012,
 author = {Bear, Chuck and Lamb, Andrew and Tran, Nga},
 title = {The Vertica Database: SQL RDBMS for Managing Big Data},
 booktitle = {Proceedings of the 2012 Workshop on Management of Big Data Systems},
 series = {MBDS '12},
 year = {2012},
 isbn = {978-1-4503-1752-8},
 location = {San Jose, California, USA},
 pages = {37--38},
 numpages = {2},
 url = {http://doi.acm.org/10.1145/2378356.2378367},
 doi = {10.1145/2378356.2378367},
 acmid = {2378367},
 publisher = {ACM},
 address = {New York, NY, USA},
 keywords = {vertica},
}
